@misc{https://kubernetes.io/KubernetesKubernetes,
    title = {{Kubernetes Documentation | Kubernetes}},
    author = {{https://kubernetes.io/}},
    url = {https://kubernetes.io/docs/home/}
}